<?xml version="1.0" encoding="UTF-8"?><collection xmlns="http://www.loc.gov/MARC21/slim"><record><leader>00407nam--2200121-i-4500</leader><controlfield tag="001">000002777</controlfield><controlfield tag="002">20161230</controlfield><controlfield tag="005">20161230201025</controlfield><controlfield tag="008">060222s1000------------r-----000-0-eng-d</controlfield><datafield ind1=" " ind2=" " tag="100"><subfield code="a">Coate, Godfrey T., Reintjes, Francisc J</subfield></datafield><datafield ind1=" " ind2=" " tag="245"><subfield code="a">Principles of radar. by members of staffof the radar school massachusetts institute of techno logy</subfield></datafield><datafield ind1=" " ind2=" " tag="260"><subfield code="a">New York, Toronto, London, Mcgraw-hill, 1952</subfield></datafield><datafield ind1=" " ind2=" " tag="490"><subfield code="a">Xvi + 985</subfield></datafield></record></collection>